@book{barrons,
author={Pelcovits, Robert A and Farkas, Joshua},
year={2024},
title={Barron's AP Physics C Premium},
address={Fort Lauderdale, FL},
publisher={Kaplan North America},
isbn={978-1-5062-8795-9}
}

@book{tipler,
author={Tipler, Paul A and Mosca, Gene},
year={2004},
title={Physics for Scientists and Engineers},
edition={5th},
address={New York},
publisher={W H Freeman and Company},
isbn={0-7167-8339-8}
}

@book{kozol-1991-savage,
author={Kozol, Jonathan},
year={1991},
title={Savage Inequalities},
publisher={Random House},
isbn={978-0770435684}
}

@book{larson-2005-calculus,
author={Larson, Ron and Hostedtler, Robert and Edwards, Bruce H},
year={2005},
title={Calculus},
edition={8th},
address={Pacific Grove, CA},
publisher={Brooks Cole},
isbn={978-0618502981}
}

@manual{heilman-2023-data,
title={Data Product Specification for Salinity},
author={Heilman, Lorraine},
organization={Ocean Observatories Initiative, Consortium for Ocean Leadership},
address={1201 New York Ave NW, Washington, DC 20005},
year={2023},
note={\url{oceanobservatories.org/wp-content/uploads/2023/09/1341-00040\_Data\_Product\_SPEC\_PRACSAL\_OOI.pdf}},
}

@book{campbell,
title={Campbell Biology},
edition={12th},
author={Urry, Lisa and Cain, Michael L and Wasserman, Steven A and Minorsky, Peter V and Orr, Rebecca B},
year={2021},
publisher={Pearson}}

@book{stewart,
title={Multivariable Calculus},
author={Stewart, James and Clegg, Daniel and Watson, Saleem},
year={2020},
edition={9th},
publisher={Cengage}}


@Article{         harris2020array,
 title         = {Array programming with {NumPy}},
 author        = {Charles R. Harris and K. Jarrod Millman and St{\'{e}}fan J.
                 van der Walt and Ralf Gommers and Pauli Virtanen and David
                 Cournapeau and Eric Wieser and Julian Taylor and Sebastian
                 Berg and Nathaniel J. Smith and Robert Kern and Matti Picus
                 and Stephan Hoyer and Marten H. van Kerkwijk and Matthew
                 Brett and Allan Haldane and Jaime Fern{\'{a}}ndez del
                 R{\'{i}}o and Mark Wiebe and Pearu Peterson and Pierre
                 G{\'{e}}rard-Marchant and Kevin Sheppard and Tyler Reddy and
                 Warren Weckesser and Hameer Abbasi and Christoph Gohlke and
                 Travis E. Oliphant},
 year          = {2020},
 month         = sep,
 journal       = {Nature},
 volume        = {585},
 number        = {7825},
 pages         = {357--362},
 doi           = {10.1038/s41586-020-2649-2},
 publisher     = {Springer Science and Business Media {LLC}},
 url           = {https://doi.org/10.1038/s41586-020-2649-2}
}

@Article{Hunter:2007,
  Author    = {Hunter, J. D.},
  Title     = {Matplotlib: A {2D} graphics environment},
  Journal   = {Computing in Science \& Engineering},
  Volume    = {9},
  Number    = {3},
  Pages     = {90--95},
  abstract  = {Matplotlib is a 2D graphics package used for Python for
  application development, interactive scripting, and publication-quality
  image generation across user interfaces and operating systems.},
  publisher = {IEEE COMPUTER SOC},
  doi       = {10.1109/MCSE.2007.55},
  year      = 2007,
  url	= {https://matplotlib.org/}
}

@book{ling-2016-university,
author={Ling, Samuel J and Moebs, William and Sanny, Jeff},
title={University Physics Volume 2},
year={2016}.
address={Houston, TX},
publisher={OpenStax},
url={https://openstax.org/books/university-physics-volume-2/pages/1-introduction},
isbn={ISBN-13: 978-1-947172-21-0},
doi={}
}

% not cited
%\bibitem{b1} “LabXchange,” www.labxchange.org. https://www.labxchange.org/library/items/lb:LabXchange:bee8a688:html:1

% not cited
%\bibitem{b2} "numpy.meshgrid: NumPy v1.22 Manual," numpy.org. https://numpy.org/doc/stable/reference/generated/numpy.meshgrid.html

% not cited
%\bibitem{b3} J. T. Vanderplas, “Density and Contour Plots,” in Python Data Science Handbook: Essential Tools for Working with Data, Beijing Etc.: O’Reilly, Cop, 2016.

% not cited
%\bibitem{b4} "matplotlib.axes.Axes.contour: Matplotlib 3.9.2 documentation," Matplotlib.org, 2014. https://matplotlib.org/stable/api/\_as\_gen/matplotlib.axes.Axes.contour.html (accessed Nov. 15, 2024).

% not cited
%\bibitem{b5} "matplotlib.pyplot.quiver: Matplotlib 3.6.2 documentation," matplotlib.org. https://matplotlib.org/stable/api/\_as\_gen/matplotlib.pyplot.quiver.html


%\bibitem{b6} Saketh-Ayyagari, “GitHub - Saketh-Ayyagari/Mapping-Equipotential-Lines-and-Electric-Fields: Code used to generate equipotential lines and electric field for an S\&E AP Physics C: E\&M Lab.,” GitHub, 2024. https://github.com/Saketh-Ayyagari/Mapping-Equipotential-Lines-and-Electric-Fields (accessed Dec. 02, 2024).
